<record><leader>00000cas a22000007i 4500</leader><controlfield tag="001">952121099</controlfield><controlfield tag="008">160623d19021902nbudr ne      0   b0cze  </controlfield><datafield ind1=" " ind2=" " tag="010"><subfield code="a">  2016202761</subfield></datafield><datafield ind1=" " ind2=" " tag="040"><subfield code="a">DLC</subfield><subfield code="b">eng</subfield><subfield code="e">rda</subfield><subfield code="c">DLC</subfield><subfield code="d">DLC</subfield></datafield><datafield ind1=" " ind2=" " tag="012"><subfield code="l">1</subfield></datafield><datafield ind1="0" ind2=" " tag="022"><subfield code="a">2473-1587</subfield><subfield code="2">1</subfield></datafield><datafield ind1=" " ind2=" " tag="042"><subfield code="a">pcc</subfield><subfield code="a">nsdp</subfield></datafield><datafield ind1=" " ind2=" " tag="043"><subfield code="a">n-us---</subfield></datafield><datafield ind1="1" ind2="0" tag="050"><subfield code="a">ISSN RECORD</subfield></datafield><datafield ind1="1" ind2="0" tag="082"><subfield code="a">071</subfield><subfield code="2">15</subfield></datafield><datafield ind1=" " ind2="0" tag="222"><subfield code="a">Denni osve&#780;ta</subfield></datafield><datafield ind1="0" ind2="0" tag="245"><subfield code="a">Denni osve&#780;ta.</subfield></datafield><datafield ind1="1" ind2=" " tag="246"><subfield code="a">Daily osveta</subfield></datafield><datafield ind1=" " ind2="1" tag="264"><subfield code="a">Omaha, NE :</subfield><subfield code="b">Jednota C&#780;esko-Americky&#769;ch listu&#778;,</subfield><subfield code="c">1902.</subfield></datafield><datafield ind1=" " ind2=" " tag="300"><subfield code="a">v. ;</subfield><subfield code="c">22 cm.</subfield></datafield><datafield ind1=" " ind2=" " tag="310"><subfield code="a">Daily</subfield></datafield><datafield ind1=" " ind2=" " tag="336"><subfield code="a">text</subfield><subfield code="b">txt</subfield><subfield code="2">rdacontent</subfield></datafield><datafield ind1=" " ind2=" " tag="337"><subfield code="a">unmediated</subfield><subfield code="b">n</subfield><subfield code="2">rdamedia</subfield></datafield><datafield ind1=" " ind2=" " tag="338"><subfield code="a">volume</subfield><subfield code="b">nc</subfield><subfield code="2">rdacarrier</subfield></datafield><datafield ind1="1" ind2=" " tag="362"><subfield code="a">Began with R&#780;oc&#769;. 1, c&#780;i&#769;s. 1 (1902); ceased with R&#780;oc&#769;. 1, c&#780;i&#769;s. 141 (29 listopadu 1902)?</subfield></datafield><datafield ind1=" " ind2=" " tag="588"><subfield code="a">Description based on: R&#780;oc&#769;. 1, c&#780;i&#769;s. 22 (11. c&#780;ervence, 1902) (surrogate).</subfield></datafield><datafield ind1=" " ind2=" " tag="530"><subfield code="a">Available on microfilm from the University of Nebraska-Lincoln Archives.</subfield></datafield><datafield ind1=" " ind2=" " tag="546"><subfield code="a">In Czech.</subfield></datafield><datafield ind1=" " ind2="0" tag="650"><subfield code="a">Czech Americans</subfield><subfield code="v">Periodicals.</subfield></datafield><datafield ind1=" " ind2="7" tag="650"><subfield code="a">Czech Americans.</subfield><subfield code="2">fast</subfield><subfield code="0">(OCoLC)fst00886333</subfield></datafield><datafield ind1=" " ind2="7" tag="655"><subfield code="a">Periodicals.</subfield><subfield code="2">fast</subfield><subfield code="0">(OCoLC)fst01411641</subfield></datafield></record>